<?xml version="1.0" encoding="UTF-8"?><record xmlns="http://www.loc.gov/MARC21/slim" xmlns:cinclude="http://apache.org/cocoon/include/1.0" xmlns:zs="http://www.loc.gov/zing/srw/">
  <leader>00403nz  a2200133n  4500</leader>
  <controlfield tag="001">n 2007069422</controlfield>
  <controlfield tag="003">DLC</controlfield>
  <controlfield tag="005">20070926072652.0</controlfield>
  <controlfield tag="008">070925n| acannaabn          |a aaa      </controlfield>
  <datafield tag="010" ind1=" " ind2=" ">
    <subfield code="a">n 2007069422</subfield>
  </datafield>
  <datafield tag="040" ind1=" " ind2=" ">
    <subfield code="a">DLC</subfield>
    <subfield code="b">eng</subfield>
    <subfield code="c">DLC</subfield>
  </datafield>
  <datafield tag="100" ind1="1" ind2=" ">
    <subfield code="a">Atkins, P. W.</subfield>
    <subfield code="q">(Peter William),</subfield>
    <subfield code="d">1940-</subfield>
    <subfield code="t">Chemical principles.</subfield>
    <subfield code="l">Hebrew</subfield>
  </datafield>
  <datafield tag="400" ind1="1" ind2=" ">
    <subfield code="a">Atkins, P. W.</subfield>
    <subfield code="q">(Peter William),</subfield>
    <subfield code="d">1940-</subfield>
    <subfield code="t">Kimyah kelalit</subfield>
  </datafield>
  <datafield tag="670" ind1=" " ind2=" ">
    <subfield code="a">Kimyah kelalit, c2006-</subfield>
  </datafield>
</record>